<record><leader>00000cas a22000007a 4500</leader><controlfield tag="001">9821970</controlfield><controlfield tag="008">830818d18851888ksuwr ne      0    0eng d</controlfield><controlfield tag="009">3789</controlfield><datafield ind1=" " ind2=" " tag="010"><subfield code="a">sn 83040492 </subfield></datafield><datafield ind1=" " ind2=" " tag="040"><subfield code="a">KSH</subfield><subfield code="b">eng</subfield><subfield code="c">KSH</subfield><subfield code="d">NPT</subfield></datafield><datafield ind1="1" ind2=" " tag="029"><subfield code="a">AU@</subfield><subfield code="b">000025798093</subfield></datafield><datafield ind1=" " ind2=" " tag="042"><subfield code="a">msc</subfield></datafield><datafield ind1=" " ind2=" " tag="043"><subfield code="a">n-us-ks</subfield></datafield><datafield ind1="0" ind2=" " tag="130"><subfield code="a">El Dorado democrat (El Dorado, Kan. : 1885)</subfield></datafield><datafield ind1="0" ind2="0" tag="245"><subfield code="a">El Dorado democrat.</subfield></datafield><datafield ind1=" " ind2=" " tag="260"><subfield code="a">El Dorado, Kan. :</subfield><subfield code="b">Fulton Bros.,</subfield><subfield code="c">1885-1888.</subfield></datafield><datafield ind1=" " ind2=" " tag="300"><subfield code="a">4 v. :</subfield><subfield code="b">ill. ;</subfield><subfield code="c">70 cm.</subfield></datafield><datafield ind1=" " ind2=" " tag="310"><subfield code="a">Weekly</subfield></datafield><datafield ind1="0" ind2=" " tag="362"><subfield code="a">Vol. 5, no. 17 (Mar. 5, 1885)-v. 8, no. 46 (Sept. 20, 1888).</subfield></datafield><datafield ind1=" " ind2=" " tag="500"><subfield code="a">Published on Thursday.</subfield></datafield><datafield ind1=" " ind2=" " tag="530"><subfield code="a">Available on microfilm from Micro Photo.</subfield></datafield><datafield ind1=" " ind2=" " tag="500"><subfield code="a">Editor: T.P. Fulton.</subfield></datafield><datafield ind1="1" ind2=" " tag="700"><subfield code="a">Fulton, T. P.</subfield></datafield><datafield ind1=" " ind2=" " tag="752"><subfield code="a">United States</subfield><subfield code="b">Kansas</subfield><subfield code="c">Butler</subfield><subfield code="d">El Dorado.</subfield></datafield><datafield ind1="0" ind2="0" tag="780"><subfield code="t">Butler County democrat (El Dorado, Kan. : 1880)</subfield><subfield code="w">(DLC)sn 83040466</subfield></datafield><datafield ind1="0" ind2="0" tag="785"><subfield code="t">Butler County Jeffersonian</subfield><subfield code="w">(DLC)sn 83040465</subfield></datafield></record>